<?xml version = "1.0" encoding = "UTF-8"?><OAI-PMH xmlns="http://www.openarchives.org/OAI/2.0/" xmlns:xsi="http://www.w3.org/2001/XMLSchema-instance" xsi:schemaLocation="http://www.openarchives.org/OAI/2.0/ http://www.openarchives.org/OAI/2.0/OAI-PMH.xsd"><ListRecords><record><header><identifier>aleph-publish:037662398</identifier></header><metadata><record xmlns="http://www.ddb.de/professionell/mabxml/mabxml-1.xsd"><leader>00000nM2.01200024------h</leader><controlfield tag="LDR">00000nM2.01200024------h</controlfield><controlfield tag="FMT">MH</controlfield><datafield tag="001" ind1="-" ind2="1"><subfield code="a">HT021473702</subfield></datafield><datafield tag="002" ind1="a" ind2="1"><subfield code="a">20220907</subfield></datafield><datafield tag="026" ind1="-" ind2="1"><subfield code="a">HBZHT021473702</subfield></datafield><controlfield tag="030">a|zur||||||17</controlfield><datafield tag="036" ind1="a" ind2="1"><subfield code="a">XA-DE</subfield></datafield><datafield tag="037" ind1="b" ind2="1"><subfield code="a">ger</subfield></datafield><controlfield tag="050">a|a|||||||||||</controlfield><controlfield tag="051">a|||||||</controlfield><datafield tag="060" ind1="-" ind2="1"><subfield code="b">txt</subfield><subfield code="a">Text</subfield></datafield><datafield tag="061" ind1="-" ind2="1"><subfield code="b">n</subfield><subfield code="a">ohne Hilfsmittel zu benutzen</subfield></datafield><datafield tag="062" ind1="-" ind2="1"><subfield code="b">nc</subfield><subfield code="a">Band</subfield></datafield><datafield tag="070" ind1="-" ind2="1"><subfield code="a">HBZ/ALMA-NZ</subfield></datafield><datafield tag="070" ind1="a" ind2="1"><subfield code="a">DE-61</subfield></datafield><datafield tag="078" ind1="n" ind2="1"><subfield code="a">NWBib-61</subfield></datafield><datafield tag="080" ind1="-" ind2="1"><subfield code="a">60</subfield></datafield><datafield tag="084" ind1="i" ind2="1"><subfield code="I">marc-FMT via MARC2MAB</subfield><subfield code="F">FMT</subfield><subfield code="A">BK</subfield></datafield><datafield tag="084" ind1="s" ind2="1"><subfield code="F">008</subfield><subfield code="A">220907|2022####gw############|||#|#ger#c</subfield></datafield><datafield tag="100" ind1="-" ind2="1"><subfield code="p">Stegt, Peter</subfield><subfield code="d">1977-</subfield><subfield code="4">aft</subfield><subfield code="3">Verfasser eines Nachworts</subfield><subfield code="9">(DE-588)1029444498</subfield></datafield><datafield tag="331" ind1="-" ind2="1"><subfield code="a">Propaganda vor Ort</subfield></datafield><datafield tag="335" ind1="-" ind2="1"><subfield code="a">der Fund war ein Glücksfall : ein Neusser Antiquariat bot ein Konvolut von Nazi-Festschriften aus Gerresheim von 1933-1938 zum Verkauf an : nach dem Erwerb stellte sich heraus, dass es sich um wichtige Quellen zu dieser Zeit handelt</subfield></datafield><datafield tag="359" ind1="-" ind2="1"><subfield code="a">von Peter Stegt</subfield></datafield><datafield tag="425" ind1="a" ind2="1"><subfield code="a">2022</subfield></datafield><datafield tag="434" ind1="-" ind2="1"><subfield code="a">Illustrationen</subfield></datafield><datafield tag="590" ind1="-" ind2="1"><subfield code="a">Gerrikuss</subfield></datafield><datafield tag="594" ind1="-" ind2="1"><subfield code="a">Düsseldorf</subfield></datafield><datafield tag="595" ind1="-" ind2="1"><subfield code="a">2022</subfield></datafield><datafield tag="596" ind1="-" ind2="1"><subfield code="a">5. Jahrgang, Nr. 3 (2022), Seite 6-13</subfield></datafield><datafield tag="599" ind1="-" ind2="1"><subfield code="a">HT019636558</subfield></datafield><datafield tag="700" ind1="n" ind2="1"><subfield code="a">Gerresheim</subfield><subfield code="0">https://nwbib.de/spatial#Q472141</subfield></datafield><datafield tag="700" ind1="n" ind2="1"><subfield code="a">Quellen</subfield><subfield code="0">https://nwbib.de/subjects#N240100</subfield></datafield><datafield tag="902" ind1="-" ind2="1"><subfield code="g">Düsseldorf-Gerresheim</subfield><subfield code="9">(DE-588)4091329-6</subfield></datafield><datafield tag="902" ind1="-" ind2="1"><subfield code="s">Festschrift</subfield><subfield code="9">(DE-588)4016928-5</subfield></datafield><datafield tag="902" ind1="-" ind2="1"><subfield code="s">Quelle</subfield><subfield code="9">(DE-588)4135952-5</subfield></datafield><datafield tag="902" ind1="-" ind2="1"><subfield code="z">Geschichte 1933-1939</subfield></datafield><controlfield tag="SYS">037662398</controlfield><datafield tag="952" ind1="-" ind2="1"><subfield code="s">Gedächtnisschrift</subfield><subfield code="h">Festschrift</subfield></datafield><datafield tag="952" ind1="-" ind2="1"><subfield code="s">Gedenkschrift</subfield></datafield><datafield tag="952" ind1="-" ind2="1"><subfield code="s">Festschriften</subfield></datafield><datafield tag="952" ind1="-" ind2="1"><subfield code="s">Akten</subfield><subfield code="h">Formschlagwort</subfield></datafield><datafield tag="952" ind1="-" ind2="1"><subfield code="s">Augenzeugenbericht</subfield><subfield code="h">Formschlagwort</subfield></datafield><datafield tag="952" ind1="-" ind2="1"><subfield code="s">Texte</subfield><subfield code="h">Formschlagwort</subfield></datafield><datafield tag="952" ind1="-" ind2="1"><subfield code="s">Historische Quelle</subfield></datafield><datafield tag="952" ind1="-" ind2="1"><subfield code="s">Geschichtsquelle</subfield></datafield><datafield tag="952" ind1="-" ind2="1"><subfield code="s">Quellensammlung</subfield></datafield><datafield tag="952" ind1="-" ind2="1"><subfield code="s">Quellen</subfield></datafield></record></metadata></record></ListRecords></OAI-PMH>